@article{christensen2012forecasting,
  title={Forecasting high-frequency futures returns using online Langevin dynamics},
  author={Christensen, Hugh L and Murphy, James and Godsill, Simon J},
  journal={IEEE Journal of Selected Topics in Signal Processing},
  volume={6},
  number={4},
  pages={366--380},
  year={2012},
  publisher={IEEE}
}

@article{ait2011testing,
  title={Testing whether jumps have finite or infinite activity},
  author={At-Sahalia, Yacine and Jacod, Jean and others},
  journal={the Annals of Statistics},
  volume={39},
  number={3},
  pages={1689--1719},
  year={2011},
  publisher={Institute of Mathematical Statistics}
}

@article{erdemlioglu2015continuous,
  title={Which continuous-time model is most appropriate for exchange rates?},
  author={Erdemlioglu, Deniz and Laurent, S{\'e}bastien and Neely, Christopher J},
  journal={Journal of Banking {$\&$} Finance},
  volume={61},
  pages={S256--S268},
  year={2015},
  publisher={Elsevier}
}

@article{osler2005stop,
  title={Stop-loss orders and price cascades in currency markets},
  author={Osler, Carol L},
  journal={Journal of international Money and Finance},
  volume={24},
  number={2},
  pages={219--241},
  year={2005},
  publisher={Elsevier}
}

@article{king2013market,
  title={The market microstructure approach to foreign exchange: Looking back and looking forward},
  author={King, Michael R and Osler, Carol L and Rime, Dagfinn},
  journal={Journal of International Money and Finance},
  volume={38},
  pages={95--119},
  year={2013},
  publisher={Elsevier}
}

@book{samoradnitsky2017stable,
  title={Stable non-Gaussian random processes: stochastic models with infinite variance},
  author={Samoradnitsky, Gennady},
  year={2017},
  publisher={Routledge}
}

@book{tankov2003financial,
  title={Financial modelling with jump processes},
  author={Tankov, Peter},
  year={2003},
  publisher={Chapman and Hall/CRC}
}

@article{godsill1999bayesian,
	title={Bayesian inference for time series with heavy-tailed symmetric {$\alpha$}-stable noise processes},
	author={Godsill, Simon and Kuruoglu, Ercan E},
	journal={Proc. Applications of heavy tailed distributions in economics, engineering and statistics},
	year={1999}
}

@article{chambers1976method,
	title={A method for simulating stable random variables},
	author={Chambers, John M and Mallows, Colin L and Stuck, BW},
	journal={Journal of the american statistical association},
	volume={71},
	number={354},
	pages={340--344},
	year={1976},
	publisher={Taylor \& Francis}
}

@article{cheung1994intraday,
	title={Intraday stock return volatility: The Hong Kong evidence},
	author={Cheung, Yan-Leung and Ho, Richard Yan-Ki and Pope, Peter and Draper, Paul},
	journal={Pacific-Basin Finance Journal},
	volume={2},
	number={2-3},
	pages={261--276},
	year={1994},
	publisher={Elsevier}
}

@article{andersen2019time,
	title={Time-varying periodicity in intraday volatility},
	author={Andersen, Torben G and Thyrsgaard, Martin and Todorov, Viktor},
	journal={Journal of the American Statistical Association},
	pages={1--26},
	year={2019},
	publisher={Taylor \& Francis}
}

@article{zaffaroni2008large,
	title={Large-scale volatility models: theoretical properties of professionalsâ€™ practice},
	author={Zaffaroni, Paolo},
	journal={Journal of Time Series Analysis},
	volume={29},
	number={3},
	pages={581--599},
	year={2008},
	publisher={Wiley Online Library}
}

@online{Dukascopy,
	title = {Historical Data Feed},
	url = {https://www.dukascopy.com/swiss/english/marketwatch/historical/},
	urldate = {2020-05-12}
}